@article{mosaic,
  title = {Mosaic: in-memory computing and routing for small-world spike-based neuromorphic systems},
  volume = {15},
  ISSN = {2041-1723},
  url = {http://dx.doi.org/10.1038/s41467-023-44365-x},
  DOI = {10.1038/s41467-023-44365-x},
  number = {1},
  journal = {Nature Communications},
  publisher = {Springer Science and Business Media LLC},
  author = {Dalgaty,  Thomas and Moro,  Filippo and Demirağ,  Yiğit and De Pra,  Alessio and Indiveri,  Giacomo and Vianello,  Elisa and Payvand,  Melika},
  year = {2024},
  month = jan 
}



@misc{gradmax,
      title={GradMax: Growing Neural Networks using Gradient Information}, 
      author={Utku Evci and Bart van Merriënboer and Thomas Unterthiner and Max Vladymyrov and Fabian Pedregosa},
      year={2022},
      eprint={2201.05125},
      archivePrefix={arXiv},
      primaryClass={cs.LG}
}



@misc{bible,
      title={Training Spiking Neural Networks Using Lessons From Deep Learning}, 
      author={Jason K. Eshraghian and Max Ward and Emre Neftci and Xinxin Wang and Gregor Lenz and Girish Dwivedi and Mohammed Bennamoun and Doo Seok Jeong and Wei D. Lu},
      year={2023},
      eprint={2109.12894},
      archivePrefix={arXiv},
      primaryClass={cs.NE}
}



@misc{DME,
      title={Learning Factored Representations in a Deep Mixture of Experts}, 
      author={David Eigen and Marc'Aurelio Ranzato and Ilya Sutskever},
      year={2014},
      eprint={1312.4314},
      archivePrefix={arXiv},
      primaryClass={cs.LG}
}



@misc{growing_brains,
      title={Growing Brains: Co-emergence of Anatomical and Functional Modularity in Recurrent Neural Networks}, 
      author={Ziming Liu and Mikail Khona and Ila R. Fiete and Max Tegmark},
      year={2023},
      eprint={2310.07711},
      archivePrefix={arXiv},
      primaryClass={q-bio.NC}
}



@misc{after_gradmax,
      title={Accelerated Training via Incrementally Growing Neural Networks using Variance Transfer and Learning Rate Adaptation}, 
      author={Xin Yuan and Pedro Savarese and Michael Maire},
      year={2023},
      eprint={2306.12700},
      archivePrefix={arXiv},
      primaryClass={cs.LG}
}



@misc{growing_SNN,
      title={A multi-agent model for growing spiking neural networks}, 
      author={Javier Lopez Randulfe and Leon Bonde Larsen},
      year={2020},
      eprint={2010.15045},
      archivePrefix={arXiv},
      primaryClass={cs.NE}
}