@article{mosaic,
  title = {Mosaic: in-memory computing and routing for small-world spike-based neuromorphic systems},
  volume = {15},
  ISSN = {2041-1723},
  url = {http://dx.doi.org/10.1038/s41467-023-44365-x},
  DOI = {10.1038/s41467-023-44365-x},
  number = {1},
  journal = {Nature Communications},
  publisher = {Springer Science and Business Media LLC},
  author = {Dalgaty,  Thomas and Moro,  Filippo and Demirağ,  Yiğit and De Pra,  Alessio and Indiveri,  Giacomo and Vianello,  Elisa and Payvand,  Melika},
  year = {2024},
  month = jan 
}



@misc{gradmax,
      title={GradMax: Growing Neural Networks using Gradient Information}, 
      author={Utku Evci and Bart van Merriënboer and Thomas Unterthiner and Max Vladymyrov and Fabian Pedregosa},
      year={2022},
      eprint={2201.05125},
      archivePrefix={arXiv},
      primaryClass={cs.LG}
}



@misc{bible,
      title={Training Spiking Neural Networks Using Lessons From Deep Learning}, 
      author={Jason K. Eshraghian and Max Ward and Emre Neftci and Xinxin Wang and Gregor Lenz and Girish Dwivedi and Mohammed Bennamoun and Doo Seok Jeong and Wei D. Lu},
      year={2023},
      eprint={2109.12894},
      archivePrefix={arXiv},
      primaryClass={cs.NE}
}

@misc{growing_brains,
      title={Growing Brains: Co-emergence of Anatomical and Functional Modularity in Recurrent Neural Networks}, 
      author={Ziming Liu and Mikail Khona and Ila R. Fiete and Max Tegmark},
      year={2023},
      eprint={2310.07711},
      archivePrefix={arXiv},
      primaryClass={q-bio.NC}
}



@misc{after_gradmax,
      title={Accelerated Training via Incrementally Growing Neural Networks using Variance Transfer and Learning Rate Adaptation}, 
      author={Xin Yuan and Pedro Savarese and Michael Maire},
      year={2023},
      eprint={2306.12700},
      archivePrefix={arXiv},
      primaryClass={cs.LG}
}


@misc{growing_SNN,
      title={A multi-agent model for growing spiking neural networks}, 
      author={Javier Lopez Randulfe and Leon Bonde Larsen},
      year={2020},
      eprint={2010.15045},
      archivePrefix={arXiv},
      primaryClass={cs.NE}
}


%%%%%%%%%%%%%%%%%%%%%%%%%%%%%%%%%%%%%%%%%%%%%%%%%%%%%%%%%%%%%%%%%%%%%%%%%%%%%%%%%%%


@misc{frameworks_1_pMNIST_critic_1,
      title={Re-evaluating Continual Learning Scenarios: A Categorization and Case for Strong Baselines}, 
      author={Yen-Chang Hsu and Yen-Cheng Liu and Anita Ramasamy and Zsolt Kira},
      year={2019},
      eprint={1810.12488},
      archivePrefix={arXiv},
      primaryClass={cs.LG},
      url={https://arxiv.org/abs/1810.12488}, 
}


@misc{EWC_7_frameworks_2,
      title={Three scenarios for continual learning}, 
      author={Gido M. van de Ven and Andreas S. Tolias},
      year={2019},
      eprint={1904.07734},
      archivePrefix={arXiv},
      primaryClass={cs.LG},
      url={https://arxiv.org/abs/1904.07734}, 
}


@misc{frameworks_3_lifelong_DEN,
      title={Lifelong Learning with Dynamically Expandable Networks}, 
      author={Jaehong Yoon and Eunho Yang and Jeongtae Lee and Sung Ju Hwang},
      year={2018},
      eprint={1708.01547},
      archivePrefix={arXiv},
      primaryClass={cs.LG},
      url={https://arxiv.org/abs/1708.01547}, 
}

@misc{pMNIST,
      title={An Empirical Investigation of Catastrophic Forgetting in Gradient-Based Neural Networks}, 
      author={Ian J. Goodfellow and Mehdi Mirza and Da Xiao and Aaron Courville and Yoshua Bengio},
      year={2015},
      eprint={1312.6211},
      archivePrefix={arXiv},
      primaryClass={stat.ML},
      url={https://arxiv.org/abs/1312.6211}, 
}


@misc{pMNIST_critic_2,
      title={Towards Robust Evaluations of Continual Learning}, 
      author={Sebastian Farquhar and Yarin Gal},
      year={2019},
      eprint={1805.09733},
      archivePrefix={arXiv},
      primaryClass={stat.ML},
      url={https://arxiv.org/abs/1805.09733}, 
}


@misc{moe_1,
      title={Mixtures of Experts Models}, 
      author={Isobel Claire Gormley and Sylvia Frühwirth-Schnatter},
      year={2018},
      eprint={1806.08200},
      archivePrefix={arXiv},
      primaryClass={stat.ME},
      url={https://arxiv.org/abs/1806.08200}, 
}


@misc{moe_2,
      title={Learning Factored Representations in a Deep Mixture of Experts}, 
      author={David Eigen and Marc'Aurelio Ranzato and Ilya Sutskever},
      year={2014},
      eprint={1312.4314},
      archivePrefix={arXiv},
      primaryClass={cs.LG}
}


@misc{EWC_6_Adversarial_CL,
      title={Adversarial Continual Learning}, 
      author={Sayna Ebrahimi and Franziska Meier and Roberto Calandra and Trevor Darrell and Marcus Rohrbach},
      year={2020},
      eprint={2003.09553},
      archivePrefix={arXiv},
      primaryClass={cs.LG},
      url={https://arxiv.org/abs/2003.09553}, 
}


@misc{replay_6_GEM,
      title={Gradient Episodic Memory for Continual Learning}, 
      author={David Lopez-Paz and Marc'Aurelio Ranzato},
      year={2022},
      eprint={1706.08840},
      archivePrefix={arXiv},
      primaryClass={cs.LG},
      url={https://arxiv.org/abs/1706.08840}, 
}


@misc{replay_7_DGR,
      title={Continual Learning with Deep Generative Replay}, 
      author={Hanul Shin and Jung Kwon Lee and Jaehong Kim and Jiwon Kim},
      year={2017},
      eprint={1705.08690},
      archivePrefix={arXiv},
      primaryClass={cs.AI},
      url={https://arxiv.org/abs/1705.08690}, 
}


@misc{LwF,
      title={Learning without Forgetting}, 
      author={Zhizhong Li and Derek Hoiem},
      year={2017},
      eprint={1606.09282},
      archivePrefix={arXiv},
      primaryClass={cs.CV},
      url={https://arxiv.org/abs/1606.09282}, 
}


@misc{SI,
      title={Continual Learning Through Synaptic Intelligence}, 
      author={Friedemann Zenke and Ben Poole and Surya Ganguli},
      year={2017},
      eprint={1703.04200},
      archivePrefix={arXiv},
      primaryClass={cs.LG},
      url={https://arxiv.org/abs/1703.04200}, 
}


@misc{MAS,
      title={Memory Aware Synapses: Learning what (not) to forget}, 
      author={Rahaf Aljundi and Francesca Babiloni and Mohamed Elhoseiny and Marcus Rohrbach and Tinne Tuytelaars},
      year={2018},
      eprint={1711.09601},
      archivePrefix={arXiv},
      primaryClass={cs.CV},
      url={https://arxiv.org/abs/1711.09601}, 
}


@misc{HAT,
      title={Overcoming catastrophic forgetting with hard attention to the task}, 
      author={Joan Serrà and Dídac Surís and Marius Miron and Alexandros Karatzoglou},
      year={2018},
      eprint={1801.01423},
      archivePrefix={arXiv},
      primaryClass={cs.LG},
      url={https://arxiv.org/abs/1801.01423}, 
}


@misc{afec,
      title={AFEC: Active Forgetting of Negative Transfer in Continual Learning}, 
      author={Liyuan Wang and Mingtian Zhang and Zhongfan Jia and Qian Li and Chenglong Bao and Kaisheng Ma and Jun Zhu and Yi Zhong},
      year={2021},
      eprint={2110.12187},
      archivePrefix={arXiv}
}


@misc{PNN,
      title={Progressive Neural Networks}, 
      author={Andrei A. Rusu and Neil C. Rabinowitz and Guillaume Desjardins and Hubert Soyer and James Kirkpatrick and Koray Kavukcuoglu and Razvan Pascanu and Raia Hadsell},
      year={2022},
      eprint={1606.04671},
      archivePrefix={arXiv},
      primaryClass={cs.LG},
      url={https://arxiv.org/abs/1606.04671}, 
}

@article{EWC_0,
   title={Overcoming catastrophic forgetting in neural networks},
   volume={114},
   ISSN={1091-6490},
   url={http://dx.doi.org/10.1073/pnas.1611835114},
   DOI={10.1073/pnas.1611835114},
   number={13},
   journal={Proceedings of the National Academy of Sciences},
   publisher={Proceedings of the National Academy of Sciences},
   author={Kirkpatrick, James and Pascanu, Razvan and Rabinowitz, Neil and Veness, Joel and Desjardins, Guillaume and Rusu, Andrei A. and Milan, Kieran and Quan, John and Ramalho, Tiago and Grabska-Barwinska, Agnieszka and Hassabis, Demis and Clopath, Claudia and Kumaran, Dharshan and Hadsell, Raia},
   year={2017},
   month=mar, 
   pages={3521–-3526} }


@inproceedings{EWC_1,
    title={Variational Continual Learning},
    author={Cuong V. Nguyen and Yingzhen Li and Thang D. Bui and Richard E. Turner},
    booktitle={International Conference on Learning Representations},
    year={2018},
    url={https://openreview.net/forum?id=BkQqq0gRb},
}


@misc{EWC_2_measuring_cf,
      title={Measuring Catastrophic Forgetting in Neural Networks}, 
      author={Ronald Kemker and Marc McClure and Angelina Abitino and Tyler Hayes and Christopher Kanan},
      year={2017},
      eprint={1708.02072},
      archivePrefix={arXiv}
}


@misc{EWC_3,
      title={Stabilizing Elastic Weight Consolidation method in practical ML tasks and using weight importances for neural network pruning}, 
      author={Alexey Kutalev and Alisa Lapina},
      year={2021},
      eprint={2109.10021},
      archivePrefix={arXiv},
      primaryClass={cs.LG},
      url={https://arxiv.org/abs/2109.10021}, 
}


@inproceedings{EWC_4_ref_romain,
 author = {Raghavan, Krishnan and Balaprakash, Prasanna},
 booktitle = {Advances in Neural Information Processing Systems},
 editor = {M. Ranzato and A. Beygelzimer and Y. Dauphin and P.S. Liang and J. Wortman Vaughan},
 pages = {17284--17297},
 publisher = {Curran Associates, Inc.},
 title = {Formalizing the Generalization-Forgetting Trade-off in Continual Learning},
 url = {https://proceedings.neurips.cc/paper_files/paper/2021/file/901797aebf0b23ecbab534d61ad33bb1-Paper.pdf},
 volume = {34},
 year = {2021}
}


@article{EWC_5,
    title = {A three-way decision approach for dynamically expandable networks},
    journal = {International Journal of Approximate Reasoning},
    volume = {166},
    pages = {109105},
    year = {2024},
    issn = {0888-613X},
    doi = {https://doi.org/10.1016/j.ijar.2023.109105},
    url = {https://www.sciencedirect.com/science/article/pii/S0888613X23002360},
    author = {Usman Wajid and Muhammad Hamza and Muhammad Taimoor Khan and Nouman Azam},
    keywords = {Continual deep learning, Dynamically expandable networks, Game-theoretic rough sets}
}


@article{review_1,
  title = {Embracing Change: Continual Learning in Deep Neural Networks},
  author = {Raia Hadsell and Dushyant Rao and Andrei A. Rusu and Razvan Pascanu},
  journal = {Trends in Cognitive Sciences},
  year = {2020},
  month = {November},
  volume = {},
  number = {},
  pages = {},
  doi = {10.1016/j.tics.2020.09.004},
  url = {https://doi.org/10.1016/j.tics.2020.09.004},
  publisher = {Elsevier Ltd},
  copyright = {© 2020 The Authors. Published by Elsevier Ltd.},
  note = {Open Access, Creative Commons Attribution – NonCommercial – NoDerivs (CC BY-NC-ND 4.0)}
}

@article{review2,
  author       = {German Ignacio Parisi and
                  Ronald Kemker and
                  Jose L. Part and
                  Christopher Kanan and
                  Stefan Wermter},
  title        = {Continual Lifelong Learning with Neural Networks: {A} Review},
  journal      = {CoRR},
  volume       = {abs/1802.07569},
  year         = {2018},
  url          = {http://arxiv.org/abs/1802.07569},
  eprinttype    = {arXiv},
  eprint       = {1802.07569},
  timestamp    = {Mon, 13 Aug 2018 16:46:54 +0200},
  biburl       = {https://dblp.org/rec/journals/corr/abs-1802-07569.bib},
  bibsource    = {dblp computer science bibliography, https://dblp.org}
}

@article{metaplasticity,
  title = {Synaptic metaplasticity in binarized neural networks},
  author = {Axel Laborieux and Maxence Ernoult and Tifenn Hirtzlin and Damien Querlioz},
  journal = {Nature Communications},
  year = {2021},
  month = {May},
  volume = {12},
  number = {1},
  pages = {2549},
  doi = {10.1038/s41467-021-22768-y},
  url = {https://doi.org/10.1038/s41467-021-22768-y},
  ISSN = {2041-1723}
}

@article{review3,
  title = {Design principles for lifelong learning AI accelerators},
  author = {Dhireesha Kudithipudi and Anurag Daram and Abdullah M. Zyarah and Fatima Tuz Zohora and James B. Aimone and Angel Yanguas-Gil and Nicholas Soures and Emre Neftci and Matthew Mattina and Vincenzo Lomonaco and Clare D. Thiem and Benjamin Epstein},
  journal = {Nature Electronics},
  year = {2023},
  month = nov,
  volume = {6},
  number = {11},
  pages = {807--822},
  doi = {10.1038/s41928-023-01054-3},
  url = {https://doi.org/10.1038/s41928-023-01054-3},
  issn = {2520-1131}
}

@article{review4,
  title = {Biological underpinnings for lifelong learning machines},
  author = {Dhireesha Kudithipudi and Mario Aguilar-Simon and Jonathan Babb and Maxim Bazhenov and Douglas Blackiston and Josh Bongard and Andrew P. Brna and Suraj Chakravarthi Raja and Nick Cheney and Jeff Clune and Anurag Daram and Stefano Fusi and Peter Helfer and Leslie Kay and Nicholas Ketz and Zsolt Kira and Soheil Kolouri and Jeffrey L. Krichmar and Sam Kriegman and Michael Levin and Sandeep Madireddy and Santosh Manicka and Ali Marjaninejad and Bruce McNaughton and Risto Miikkulainen and Zaneta Navratilova and Tej Pandit and Alice Parker and Praveen K. Pilly and Sebastian Risi and Terrence J. Sejnowski and Andrea Soltoggio and Nicholas Soures and Andreas S. Tolias and Darío Urbina-Meléndez and Francisco J. Valero-Cuevas and Gido M. van de Ven and Joshua T. Vogelstein and Felix Wang and Ron Weiss and Angel Yanguas-Gil and Xinyun Zou and Hava Siegelmann},
  journal = {Nature Machine Intelligence},
  year = {2022},
  month = {March},
  volume = {4},
  number = {3},
  pages = {196--210},
  doi = {10.1038/s42256-022-00452-0},
  url = {https://doi.org/10.1038/s42256-022-00452-0},
  issn = {2522-5839}
}

@misc{EWC_nuts_and_bolts,
      title={Elastic Weight Consolidation (EWC): Nuts and Bolts}, 
      author={Abhishek Aich},
      year={2021},
      eprint={2105.04093},
      archivePrefix={arXiv}
}

@article{replay_1,
  author       = {Gido M. van de Ven and Hava T. Siegelmann and Andreas S. Tolias},
  title        = {Brain-inspired replay for continual learning with artificial neural networks},
  journal      = {Nature Communications},
  year         = {2020},
  volume       = {11},
  number       = {1},
  pages        = {4069},
  month        = aug,
  doi          = {10.1038/s41467-020-17866-2},
  url          = {https://doi.org/10.1038/s41467-020-17866-2},
  pmid         = {32792531},
  issn         = {2041-1723}
}

@inproceedings{replay_2,
 author = {Shin, Hanul and Lee, Jung Kwon and Kim, Jaehong and Kim, Jiwon},
 booktitle = {Advances in Neural Information Processing Systems},
 editor = {I. Guyon and U. Von Luxburg and S. Bengio and H. Wallach and R. Fergus and S. Vishwanathan and R. Garnett},
 pages = {},
 publisher = {Curran Associates, Inc.},
 title = {Continual Learning with Deep Generative Replay},
 url = {https://proceedings.neurips.cc/paper_files/paper/2017/file/0efbe98067c6c73dba1250d2beaa81f9-Paper.pdf},
 volume = {30},
 year = {2017}
}

@inproceedings{replay_3,
 author = {Rolnick, David and Ahuja, Arun and Schwarz, Jonathan and Lillicrap, Timothy and Wayne, Gregory},
 booktitle = {Advances in Neural Information Processing Systems},
 editor = {H. Wallach and H. Larochelle and A. Beygelzimer and F. d\textquotesingle Alch\'{e}-Buc and E. Fox and R. Garnett},
 pages = {},
 publisher = {Curran Associates, Inc.},
 title = {Experience Replay for Continual Learning},
 url = {https://proceedings.neurips.cc/paper_files/paper/2019/file/fa7cdfad1a5aaf8370ebeda47a1ff1c3-Paper.pdf},
 volume = {32},
 year = {2019}
}


@misc{replay_4,
      title={iCaRL: Incremental Classifier and Representation Learning}, 
      author={Sylvestre-Alvise Rebuffi and Alexander Kolesnikov and Georg Sperl and Christoph H. Lampert},
      year={2017},
      eprint={1611.07725},
      archivePrefix={arXiv},
      primaryClass={cs.CV},
      url={https://arxiv.org/abs/1611.07725}, 
}

@misc{replay_5_RtF,
      title={Generative replay with feedback connections as a general strategy for continual learning}, 
      author={Gido M. van de Ven and Andreas S. Tolias},
      year={2019},
      eprint={1809.10635},
      archivePrefix={arXiv},
      primaryClass={cs.LG},
      url={https://arxiv.org/abs/1809.10635}, 
}

@article{AR1,
  author       = {Davide Maltoni and
                  Vincenzo Lomonaco},
  title        = {Continuous Learning in Single-Incremental-Task Scenarios},
  journal      = {CoRR},
  volume       = {abs/1806.08568},
  year         = {2018},
  url          = {http://arxiv.org/abs/1806.08568},
  eprinttype    = {arXiv},
  eprint       = {1806.08568},
  timestamp    = {Tue, 31 Aug 2021 13:57:12 +0200},
  biburl       = {https://dblp.org/rec/journals/corr/abs-1806-08568.bib},
  bibsource    = {dblp computer science bibliography, https://dblp.org}
}


@inproceedings{optuna,
    title={Optuna: A Next-generation Hyperparameter Optimization Framework},
    author={Akiba, Takuya and Sano, Shotaro and Yanase, Toshihiko and Ohta, Takeru and Koyama, Masanori},
    booktitle={Proceedings of the 25th {ACM} {SIGKDD} International Conference on Knowledge Discovery and Data Mining},
    year={2019}
}